@article{ahmed_meckels_2016,
	title = {Meckel's diverticular perforation presenting as acute abdomen in the second trimester of pregnancy},
	issn = {1757-790X},
	url = {http://casereports.bmj.com/lookup/doi/10.1136/bcr-2016-216643},
	doi = {10.1136/bcr-2016-216643},
	language = {en},
	urldate = {2019-08-18},
	journal = {BMJ Case Reports},
	author = {Ahmed, Z and Chhabra, S and Kankaria, J and Jenaw, Rk},
	month = aug,
	year = {2016},
	pages = {bcr2016216643}
}
@article{abdou_postpartum_2017,
	title = {Postpartum tubo-ovarian abscess, likely arising from pelvic inflammatory disease during pregnancy},
	issn = {1757-790X},
	url = {http://casereports.bmj.com/lookup/doi/10.1136/bcr-2017-220183},
	doi = {10.1136/bcr-2017-220183},
	language = {en},
	urldate = {2019-08-18},
	journal = {BMJ Case Reports},
	author = {Abdou, Rania and Miller, Trent},
	month = apr,
	year = {2017},
	pages = {bcr--2017--220183}
}
@book{gossage_100_2008,
	address = {London},
	title = {100 cases in surgery},
	isbn = {9780340941706},
	publisher = {Hodder Arnold},
	editor = {Gossage, James A. and Burnand, Kevin G.},
	year = {2008},
	note = {OCLC: ocn153555008},
	keywords = {Surgery, Case studies, Surgery, Case Reports, Diagnostic Techniques and Procedures, Case Reports}
}
